<?xml version="1.0" encoding="UTF-8"?><record xmlns="http://www.loc.gov/MARC21/slim" xmlns:cinclude="http://apache.org/cocoon/include/1.0" xmlns:zs="http://www.loc.gov/zing/srw/">
  <leader>00474cz  a2200133n  4500</leader>
  <controlfield tag="001">n  85236459 </controlfield>
  <controlfield tag="003">DLC</controlfield>
  <controlfield tag="005">19890831113201.0</controlfield>
  <controlfield tag="008">850812n| acannaab|          |n aaa |||  </controlfield>
  <datafield tag="010" ind1=" " ind2=" ">
    <subfield code="a">n  85236459 </subfield>
    <subfield code="z">n  85176396 </subfield>
  </datafield>
  <datafield tag="040" ind1=" " ind2=" ">
    <subfield code="a">DLC</subfield>
    <subfield code="c">DLC</subfield>
    <subfield code="d">DLC</subfield>
  </datafield>
  <datafield tag="100" ind1="1" ind2="0">
    <subfield code="a">Duncan, Kay W.</subfield>
  </datafield>
  <datafield tag="670" ind1=" " ind2=" ">
    <subfield code="a">Barfield, A.W. "They're buried in our past," 1983- :</subfield>
    <subfield code="b">v. 1, t.p. (Kay W. Duncan, Whiteville, N.C.)</subfield>
  </datafield>
  <datafield tag="670" ind1=" " ind2=" ">
    <subfield code="a">Her Marriage records Columbus County, Whiteville, N.C., 1984- :</subfield>
    <subfield code="b">v. 1, cover (Kay Duncan)</subfield>
  </datafield>
</record>